@book{antonopoulos2014mastering,
  title={Mastering Bitcoin: unlocking digital cryptocurrencies},
  author={Antonopoulos, Andreas M},
  year={2014},
  publisher={" O'Reilly Media, Inc."}
}

@misc{ wiki:bitcoin,
	author = Wikipedia,
	title = "Bitcoin --- Wikipedia{,} L'enciclopedia libera",
	year = "2011",
	url = "https://it.wikipedia.org/wiki/Bitcoin",
}